<record><leader>00000cas a2200000 a 4500</leader><controlfield tag="001">12124186</controlfield><controlfield tag="008">850606d18731885pauwr ne      0    0eng d</controlfield><datafield ind1=" " ind2=" " tag="010"><subfield code="a">sn 85054658 </subfield></datafield><datafield ind1=" " ind2=" " tag="040"><subfield code="a">PLF</subfield><subfield code="b">eng</subfield><subfield code="c">PLF</subfield><subfield code="d">NPH</subfield><subfield code="d">OCL</subfield><subfield code="d">OCLCQ</subfield></datafield><datafield ind1=" " ind2=" " tag="042"><subfield code="a">msc</subfield></datafield><datafield ind1="0" ind2=" " tag="130"><subfield code="a">Guide (Philadelphia, Pa. : 1873)</subfield></datafield><datafield ind1="1" ind2="4" tag="245"><subfield code="a">The guide.</subfield></datafield><datafield ind1="1" ind2="7" tag="246"><subfield code="a">Weekly guide</subfield><subfield code="f">&lt;Jan. 3, 1874-Nov. 21, 1885&gt;</subfield></datafield><datafield ind1=" " ind2=" " tag="260"><subfield code="a">Germantown, Philadelphia, Pa. :</subfield><subfield code="b">Walter H. Bonsall and Co.,</subfield><subfield code="c">-1885.</subfield></datafield><datafield ind1=" " ind2=" " tag="300"><subfield code="a">v. ;</subfield><subfield code="c">51 cm.</subfield></datafield><datafield ind1=" " ind2=" " tag="310"><subfield code="a">Weekly</subfield></datafield><datafield ind1="0" ind2=" " tag="362"><subfield code="a">-v. 14, no. 52 (Nov. 21, 1885).</subfield></datafield><datafield ind1="1" ind2=" " tag="362"><subfield code="a">Began in 1873?</subfield><subfield code="z">Cf. Gregory, W. Amer. newspapers.</subfield></datafield><datafield ind1=" " ind2=" " tag="500"><subfield code="a">"A domestic journal of literature, temperance, philosophy, morals, local topics and the mechanical arts."</subfield></datafield><datafield ind1=" " ind2=" " tag="588"><subfield code="a">Description based on: Vol. 2, no. 53 (Nov. 29, 1873).</subfield></datafield><datafield ind1=" " ind2=" " tag="752"><subfield code="a">United States</subfield><subfield code="b">Pennsylvania</subfield><subfield code="c">Philadelphia</subfield><subfield code="d">Philadelphia.</subfield></datafield><datafield ind1="0" ind2="0" tag="785"><subfield code="t">Germantown guide (Philadelphia, Pa. : 1885)</subfield><subfield code="w">(DLC)sn 83032120</subfield><subfield code="w">(OCoLC)10179949</subfield></datafield><datafield ind1="1" ind2=" " tag="029"><subfield code="a">AU@</subfield><subfield code="b">000023449620</subfield></datafield></record>